@inproceedings{GhivG16,
author="Ghilardi, Silvio and van Gool, Samuel",
title="Monadic Second Order Logic as the Model Companion of Temporal Logic",
year="2016",
booktitle="Proceedings of the Thirty first Annual IEEE Symposium on Logic in Computer Science (LICS 2016)"
}

@book{GehvG22,
title = "Topological duality for distributive lattices, and applications",
author = "Gehrke, Mai and van Gool, Samuel",
year = "2022",
publisher="."
}

@article{Santo08,
  author          = {Santocanale, Luigi},
  journal         = {Annals of Pure and Applied Logic},
  number          = {1},
  title           = {Completions of mu-algebras},
  volume          = {154},
  year            = {2008}
}
@article{GhivG17,
author          = "Ghilardi, Silvio and van Gool, Sam",
journal         = {The Journal of Symbolic Logic},
number          = {1},
title           = "A model-theoretic characterization of monadic second order logic on infinite words",
volume          = {82},
year            = {2017}
}
@misc{ReyLTL,
doi = {10.48550/ARXIV.1604.03962},

url = {https://arxiv.org/abs/1604.03962},

author = {Reynolds, Mark},

keywords = {Logic in Computer Science (cs.LO), FOS: Computer and information sciences, FOS: Computer and information sciences},

title = {A traditional tree-style tableau for LTL},

publisher = {arXiv},

year = {2016},

copyright = {arXiv.org perpetual, non-exclusive license}
}
@inbook{PropLog,
author = {Subrata, Bhowmik},
year = {2017},
month = {09},
pages = {1-25},
title = {Propositional Logic}
}