@inproceedings{GhivG16,
author="Ghilardi, Silvio and van Gool, Samuel",
title="Monadic Second Order Logic as the Model Companion of Temporal Logic",
year="2016",
booktitle="Proceedings of the Thirty first Annual IEEE Symposium on Logic in Computer Science (LICS 2016)"
}

@book{GehvG22,
title = "Topological duality for distributive lattices, and applications",
author = "Gehrke, Mai and van Gool, Samuel",
year = "2022",
publisher="."
}