@book{GehvG22,
title = "Topological duality for distributive lattices, and applications",
author = "Gehrke, Mai and van Gool, Sam",
year = "2022",
publisher="."
}

@article{GhivG17,
  author          = "Ghilardi, Silvio and van Gool, Sam",
  journal         = {The Journal of Symbolic Logic},
  number          = {1},
  title           = "A model-theoretic characterization of monadic second order logic on infinite words",
  volume          = {82},
  year            = {2017}
}